<?xml version="1.0" encoding="UTF-8"?><collection xmlns="http://www.loc.gov/MARC21/slim"><record><leader>00417nam--2200133-i-4500</leader><controlfield tag="001">000022378</controlfield><controlfield tag="002">20161230</controlfield><controlfield tag="005">20170127194311</controlfield><controlfield tag="008">060222s1000------------r-----000-0-eng-d</controlfield><datafield ind1=" " ind2=" " tag="245"><subfield code="a">4th Inter-american symposium on the peaceful appliction of nuclear energy, Mexico City, April 9-13, 1962</subfield></datafield><datafield ind1=" " ind2=" " tag="260"><subfield code="a">Washington</subfield><subfield code="b">Pan American Union</subfield><subfield code="c">1962</subfield></datafield><datafield ind1=" " ind2=" " tag="300"><subfield code="a">VI + 250 p.+ 1 Pl</subfield></datafield><datafield ind1=" " ind2=" " tag="852"><subfield code="a">21169</subfield></datafield><datafield ind1=" " ind2=" " tag="CAT"><subfield code="a">SYS</subfield><subfield code="c">20170127</subfield><subfield code="h">194311</subfield></datafield></record></collection>